@book{goossens93,
  author = "Michel Goossens and Frank Mittlebach and Alexander Samarin",
  title = "The Latex Companion",
  year = "1993",
  publisher = "Addison-Wesley",
  address = "Reading, Massachusetts"
  
}

@Manual{CRAN,
    title = {R: A Language and Environment for Statistical Computing},
    author = {{R Core Team}},
    organization = {R Foundation for Statistical Computing},
    address = {Vienna, Austria},
    year = {2016},
    url = {https://www.R-project.org/},
}
  
@article{sadler1980effect,
  title={Effect of the warm water discharge from a power station on fish populations in the River Trent},
  author={Sadler, K},
  journal={Journal of Applied Ecology},
  pages={349--357},
  year={1980},
  publisher={JSTOR}
}

@article{greenwade93, 
  author = "George D. Greenwade",
  title = "The {C}omprehensive {T}ex {A}rchive {N}etwork ({CTAN})",
  year = "1993",
  journal = "TUGBoat",
  volume = "14",
  number = "3",
  pages = "342--351"
}

@article{greenfield70, 
  author = "Greenfield, D. W. and Ross, S. T. and Deckert, G. D.",
  title = "Some aspects of the life history of the Santa Ana sucker, Catostomus (Pantosteus) santaanae (Snyder)",
  year = "1970",
  journal = "Calif. Fish Game",
  volume = "56",
  number = "3",
  pages = "166--179"
}


@book{knuth79,
  author = "Donald E. Knuth",
  title = "Tex and Metafont, New Directions in Typesetting",
  year = "1979",
  publisher = "American Mathematical Society and Digital Press",
  address = "Stanford"
}

@book{lamport94,
  author = "Leslie Lamport",
  title = "Latex: A Document Preparation System",
  year = "1994",
  edition = "Second",
  publisher = "Addison-Wesley",
  address = "Reading, Massachusetts"
}

@misc{patashnik88,
  author = "Oren Patashnik",
  title = "{B}ib{T}e{X}ing.  Documentation for General {B}ib{T}e{X} users",
  year = "1988",
  howpublished = "Electronic document accompanying BibTeX
distribution"
}

@techreport{rahtz89,
  author = "Sebastian Rahtz",
  title = "A Survey of {T}ex and graphics",
  year = "1989",
  institution = "Department of Electronics and Computer Science",
  address = "University of Southampton, UK",
  number = "CSTR 89-7"
}
  
@article{albertson13,
author = "Albertson, L.K. and Koenig, L.E. and Lewis, B.L. and Zeug, S.C. and Harrison, L.R. and Car- dinale, B.J.",
title = "How does restored habitat for chinook salmon (Oncorhynchus tshawytscha) in the merced river in california compare with other chinook streams?",
year = "2013",
journal = "River Research and Applications",
volume = "29",
number = "1",
pages = "469--482"
}

@article{coulter15, 
  author = "Coulter, D. P. and Hook, T. O. and Mahapatra, C. T. and Guffey, S. C. and Sepulveda, M. S.",
  title = "Fluctuating water temperatures affect development, physiological responses and cause sex reversal in fathead minnows",
  year = "2015",
  journal = "Environmental Science Technology",
  volume = "3",
  number = "49",
  pages = "1921--8"
  
}
@book{loshuertos16,
  author = "Marc Los Huertos",
  title = "Thermal Properties of Water",
  year = "2016",
  edition = "First",
  publisher = "Pomona College",
  address = "Claremont, California"
  }

@book{moyle2002inland,
  title={Inland fishes of California},
  author={Moyle, Peter B},
  year={2002},
  publisher={Univ of California Press}
}

  @article{sadler80, 
  author = "K. Sadler",
  title = "Effect of the warm water discharge from a power station on fish populations in the river Trent",
  year = "1980",
  journal = "Journal Of Applied Ecology",
  volume = "17",
  number = "2",
  pages = "349--357"
  }
  
@techreport{usfishandwildlifeservice14,
  author = "U.S. Fish and Wildlife Service",
  title = "Draft Recovery Plan for the Santa Ana sucker",
  year = "2014",
  institution = "U.S. Fish and Wildlife Service",
  address = "U.S. Fish and Wildlife Service",
  number = "v + 61 pp"
}